@article{GIO,
  author       = {Saeed Fathollahzadeh and
                  Matthias Boehm},
  title        = {{GIO:} Generating Efficient Matrix and Frame Readers for Custom Data
                  Formats by Example},
  journal      = {Proc. {ACM} Manag. Data},
  volume       = {1},
  number       = {2},
  pages        = {120:1--120:26},
  year         = {2023},
  url          = {https://doi.org/10.1145/3589265},
  doi          = {10.1145/3589265},
  timestamp    = {Fri, 07 Jul 2023 23:32:33 +0200},
  biburl       = {https://dblp.org/rec/journals/pacmmod/Fathollahzadeh023.bib},
  bibsource    = {dblp computer science bibliography, https://dblp.org}
}